@ARTICLE{Windemuth_et_al_19,
       author = {{Windemuth}, D. and {Agol}, E. and {Ali}, A. and {Kiefer}, F.},
        title = "{Modelling Kepler eclipsing binaries: homogeneous inference of orbital and stellar properties}",
      journal = {\mnras},
     keywords = {binaries: eclipsing, binaries: close, methods: data analysis, Astrophysics - Solar and Stellar Astrophysics, Astrophysics - Earth and Planetary Astrophysics},
         year = 2019,
        month = oct,
       volume = {489},
       number = {2},
        pages = {1644-1666},
          doi = {10.1093/mnras/stz2137},
archivePrefix = {arXiv},
       eprint = {1908.00139},
 primaryClass = {astro-ph.SR},
       adsurl = {https://ui.adsabs.harvard.edu/abs/2019MNRAS.489.1644W},
      adsnote = {Provided by the SAO/NASA Astrophysics Data System}
}

@ARTICLE{Mahmud_et_al_23,
       author = {{Mahmud}, Mohammad M. and {Penev}, Kaloyan M. and {Schussler}, Joshua A.},
        title = "{Measuring tidal dissipation in giant planets from tidal circularization}",
      journal = {\mnras},
     keywords = {methods: statistical, planets and satellites: interiors, planet-star interactions, Astrophysics - Earth and Planetary Astrophysics, Astrophysics - Instrumentation and Methods for Astrophysics, Astrophysics - Solar and Stellar Astrophysics},
         year = 2023,
        month = oct,
       volume = {525},
       number = {1},
        pages = {876-897},
          doi = {10.1093/mnras/stad2298},
archivePrefix = {arXiv},
       eprint = {2308.06324},
 primaryClass = {astro-ph.EP},
       adsurl = {https://ui.adsabs.harvard.edu/abs/2023MNRAS.525..876M},
      adsnote = {Provided by the SAO/NASA Astrophysics Data System}
}

@ARTICLE{Patel_et_al_23,
       author = {{Patel}, Ruskin and {Penev}, Kaloyan and {Schussler}, Joshua},
        title = "{Constraints on tidal quality factor in Kepler eclipsing binaries using tidal synchronization: a frequency-dependent approach}",
      journal = {\mnras},
     keywords = {binaries: eclipsing, stars: interiors, stars: kinematics and dynamics, stars: rotation, stars: solar-type, Astrophysics - Solar and Stellar Astrophysics, Astrophysics - Earth and Planetary Astrophysics},
         year = 2023,
        month = oct,
       volume = {524},
       number = {4},
        pages = {5575-5590},
          doi = {10.1093/mnras/stad2194},
archivePrefix = {arXiv},
       eprint = {2307.13074},
 primaryClass = {astro-ph.SR},
       adsurl = {https://ui.adsabs.harvard.edu/abs/2023MNRAS.524.5575P},
      adsnote = {Provided by the SAO/NASA Astrophysics Data System}
}

@ARTICLE{Penev_Schussler_22,
       author = {{Penev}, Kaloyan M. and {Schussler}, Joshua A.},
        title = "{Comprehensive Bayesian modelling of tidal circularization in open cluster binaries part I: M 35, NGC 6819, and NGC 188}",
      journal = {\mnras},
     keywords = {convection, turbulence, waves, binaries: spectroscopic, stars: interior, stars: solar-type, Astrophysics - Solar and Stellar Astrophysics, Astrophysics - Earth and Planetary Astrophysics, Astrophysics - Astrophysics of Galaxies},
         year = 2022,
        month = nov,
       volume = {516},
       number = {4},
        pages = {6145-6171},
          doi = {10.1093/mnras/stac2618},
archivePrefix = {arXiv},
       eprint = {2209.08109},
 primaryClass = {astro-ph.SR},
       adsurl = {https://ui.adsabs.harvard.edu/abs/2022MNRAS.516.6145P},
      adsnote = {Provided by the SAO/NASA Astrophysics Data System}
}

@ARTICLE{Patel_Penev_22,
       author = {{Patel}, Ruskin and {Penev}, Kaloyan},
        title = "{Constraining tidal quality factor using spin period in eclipsing binaries}",
      journal = {\mnras},
     keywords = {convection, turbulence, waves, binaries: close, stars: interiors, stars: solar-type, Astrophysics - Solar and Stellar Astrophysics, Astrophysics - Earth and Planetary Astrophysics},
         year = 2022,
        month = may,
       volume = {512},
       number = {3},
        pages = {3651-3661},
          doi = {10.1093/mnras/stac203},
archivePrefix = {arXiv},
       eprint = {2203.07481},
 primaryClass = {astro-ph.SR},
       adsurl = {https://ui.adsabs.harvard.edu/abs/2022MNRAS.512.3651P},
      adsnote = {Provided by the SAO/NASA Astrophysics Data System}
}

@ARTICLE{Anderson_et_al_21,
       author = {{Anderson}, Kassandra R. and {Winn}, Joshua N. and {Penev}, Kaloyan},
        title = "{On a Possible Solution to the Tidal Realignment Problem for Hot Jupiters}",
      journal = {\apj},
     keywords = {Hot Jupiters, Exoplanet dynamics, Exoplanet tides, Star-planet interactions, 753, 490, 497, 2177, Astrophysics - Earth and Planetary Astrophysics, Astrophysics - Solar and Stellar Astrophysics},
         year = 2021,
        month = jun,
       volume = {914},
       number = {1},
          eid = {56},
        pages = {56},
          doi = {10.3847/1538-4357/abf8af},
archivePrefix = {arXiv},
       eprint = {2102.01081},
 primaryClass = {astro-ph.EP},
       adsurl = {https://ui.adsabs.harvard.edu/abs/2021ApJ...914...56A},
      adsnote = {Provided by the SAO/NASA Astrophysics Data System}
}

@ARTICLE{Penev_et_al_18,
       author = {{Penev}, Kaloyan and {Bouma}, L.~G. and {Winn}, Joshua N. and {Hartman}, Joel D.},
        title = "{Empirical Tidal Dissipation in Exoplanet Hosts From Tidal Spin-up}",
      journal = {\aj},
     keywords = {planet{\textendash}star interactions, planetary systems, stars: rotation, Astrophysics - Solar and Stellar Astrophysics, Astrophysics - Earth and Planetary Astrophysics},
         year = 2018,
        month = apr,
       volume = {155},
       number = {4},
          eid = {165},
        pages = {165},
          doi = {10.3847/1538-3881/aaaf71},
archivePrefix = {arXiv},
       eprint = {1802.05269},
 primaryClass = {astro-ph.SR},
       adsurl = {https://ui.adsabs.harvard.edu/abs/2018AJ....155..165P},
      adsnote = {Provided by the SAO/NASA Astrophysics Data System}
}
